@book{Sut98,
 author = {Sutton, Richard S. and Barto, Andrew G.},
 title = {Introduction to Reinforcement Learning},
 year = {1998},
 isbn = {0262193981},
 edition = {1st},
 publisher = {MIT Press},
 address = {Cambridge, MA, USA}
} 



@article{DBLP:journals/corr/abs-1712-01815,
  author    = {David Silver and
               Thomas Hubert and
               Julian Schrittwieser and
               Ioannis Antonoglou and
               Matthew Lai and
               Arthur Guez and
               Marc Lanctot and
               Laurent Sifre and
               Dharshan Kumaran and
               Thore Graepel and
               Timothy P. Lillicrap and
               Karen Simonyan and
               Demis Hassabis},
  title     = {Mastering Chess and Shogi by Self-Play with a General Reinforcement
               Learning Algorithm},
  journal   = {CoRR},
  volume    = {abs/1712.01815},
  year      = {2017},
  url       = {http://arxiv.org/abs/1712.01815},
  archivePrefix = {arXiv},
  eprint    = {1712.01815},
  timestamp = {Mon, 13 Aug 2018 16:46:01 +0200},
  biburl    = {https://dblp.org/rec/bib/journals/corr/abs-1712-01815},
  bibsource = {dblp computer science bibliography, https://dblp.org}
}


@Article{Silver2017,
author={Silver, David 
and Schrittwieser, Julian
and Simonyan, Karen
and Antonoglou, Ioannis
and Huang, Aja
and Guez, Arthur
and Hubert, Thomas
and Baker, Lucas
and Lai, Matthew
and Bolton, Adrian
and Chen, Yutian
and Lillicrap, Timothy
and Hui, Fan
and Sifre, Laurent
and van den Driessche, George
and Graepel, Thore
and Hassabis, Demis},
title={Mastering the game of Go without human knowledge},
journal={Nature},
year={2017},
month={Oct},
publisher={Macmillan Publishers Limited, part of Springer Nature. All rights reserved. SN  -},
volume={550},
pages={354 EP  -},
note={Article},
url={http://dx.doi.org/10.1038/nature24270}
}

@misc{OpenAI_dota,
 author = {OpenAI},
 title = {OpenAI Five},
 url = {https://blog.openai.com/openai-five},
 year = {2018}
}
