@article{Shogi17,
  author    = {David Silver and
               Thomas Hubert and
               Julian Schrittwieser and
               Ioannis Antonoglou and
               Matthew Lai and
               Arthur Guez and
               Marc Lanctot and
               Laurent Sifre and
               Dharshan Kumaran and
               Thore Graepel and
               Timothy P. Lillicrap and
               Karen Simonyan and
               Demis Hassabis},
  title     = {Mastering Chess and Shogi by Self-Play with a General Reinforcement
               Learning Algorithm},
  journal   = {CoRR},
  volume    = {abs/1712.01815},
  year      = {2017},
  url       = {http://arxiv.org/abs/1712.01815},
  archivePrefix = {arXiv},
  eprint    = {1712.01815},
  timestamp = {Mon, 13 Aug 2018 16:46:01 +0200},
  biburl    = {https://dblp.org/rec/bib/journals/corr/abs-1712-01815},
  bibsource = {dblp computer science bibliography, https://dblp.org}
}

@article{Go2017,
  author = {Silver, David and Schrittwieser, Julian and Simonyan, Karen and Antonoglou, Ioannis and Huang, Aja and Guez, Arthur and Hubert, Thomas and Baker, Lucas and Lai, Matthew and Bolton, Adrian and Chen, Yutian and Lillicrap, Timothy and Hui, Fan and Sifre, Laurent and van den Driessche, George and Graepel, Thore and Hassabis, Demis},
  biburl = {https://www.bibsonomy.org/bibtex/2ecdfbfcceb55ee5f14c1c375ad71f2cb/achakraborty},
  description = {Mastering the game of Go without human knowledge | Nature},
  interhash = {c45d318e105d0f2d62ccc28c2699d9d4},
  intrahash = {ecdfbfcceb55ee5f14c1c375ad71f2cb},
  journal = {Nature},
  keywords = {2017 deep-learning deepmind google paper reinforcement-learning},
  month = oct,
  pages = {354--},
  publisher = {Macmillan Publishers Limited, part of Springer Nature. All rights reserved.},
  timestamp = {2017-12-15T02:14:58.000+0100},
  title = {Mastering the game of Go without human knowledge},
  url = {http://dx.doi.org/10.1038/nature24270},
  volume = 550,
  year = 2017
}

@misc{OpenAI_dota,
 author = {OpenAI},
 title = {OpenAI Five},
 url = {https://blog.openai.com/openai-five},
 year = 2018
}

@article{mnih2015atari,
  added-at = {2015-08-26T14:46:40.000+0200},
  author = {Mnih, Volodymyr and Kavukcuoglu, Koray and Silver, David and Rusu, Andrei A. and Veness, Joel and Bellemare, Marc G. and Graves, Alex and Riedmiller, Martin and Fidjeland, Andreas K. and Ostrovski, Georg and Petersen, Stig and Beattie, Charles and Sadik, Amir and Antonoglou, Ioannis and King, Helen and Kumaran, Dharshan and Wierstra, Daan and Legg, Shane and Hassabis, Demis},
  biburl = {https://www.bibsonomy.org/bibtex/2fb15f4471c81dc2b9edf2304cb2f7083/hotho},
  description = {Human-level control through deep reinforcement learning - nature14236.pdf},
  interhash = {eac59980357d99db87b341b61ef6645f},
  intrahash = {fb15f4471c81dc2b9edf2304cb2f7083},
  issn = {00280836},
  journal = {Nature},
  keywords = {deep learning toread},
  month = feb,
  number = 7540,
  pages = {529--533},
  publisher = {Nature Publishing Group, a division of Macmillan Publishers Limited. All Rights Reserved.},
  timestamp = {2015-08-26T14:46:40.000+0200},
  title = {Human-level control through deep reinforcement learning},
  url = {http://dx.doi.org/10.1038/nature14236},
  volume = 518,
  year = 2015
}
@article{ACER,
  author    = {Ziyu Wang and
               Victor Bapst and
               Nicolas Heess and
               Volodymyr Mnih and
               R{\'{e}}mi Munos and
               Koray Kavukcuoglu and
               Nando de Freitas},
  title     = {Sample Efficient Actor-Critic with Experience Replay},
  journal   = {CoRR},
  volume    = {abs/1611.01224},
  year      = {2016},
  url       = {http://arxiv.org/abs/1611.01224},
  archivePrefix = {arXiv},
  eprint    = {1611.01224},
  timestamp = {Mon, 13 Aug 2018 16:48:29 +0200},
  biburl    = {https://dblp.org/rec/bib/journals/corr/WangBHMMKF16},
  bibsource = {dblp computer science bibliography, https://dblp.org}
}


