@book{Sut98,
 author = {Sutton, Richard S. and Barto, Andrew G.},
 title = {Introduction to Reinforcement Learning},
 year = {1998},
 isbn = {0262193981},
 edition = {1st},
 publisher = {MIT Press},
 address = {Cambridge, MA, USA}
} 



@article{DBLP:journals/corr/abs-1712-01815,
  author    = {David Silver and
               Thomas Hubert and
               Julian Schrittwieser and
               Ioannis Antonoglou and
               Matthew Lai and
               Arthur Guez and
               Marc Lanctot and
               Laurent Sifre and
               Dharshan Kumaran and
               Thore Graepel and
               Timothy P. Lillicrap and
               Karen Simonyan and
               Demis Hassabis},
  title     = {Mastering Chess and Shogi by Self-Play with a General Reinforcement
               Learning Algorithm},
  journal   = {CoRR},
  volume    = {abs/1712.01815},
  year      = {2017},
  url       = {http://arxiv.org/abs/1712.01815},
  archivePrefix = {arXiv},
  eprint    = {1712.01815},
  timestamp = {Mon, 13 Aug 2018 16:46:01 +0200},
  biburl    = {https://dblp.org/rec/bib/journals/corr/abs-1712-01815},
  bibsource = {dblp computer science bibliography, https://dblp.org}
}


@Article{Silver2017,
author={Silver, David 
and Schrittwieser, Julian
and Simonyan, Karen
and Antonoglou, Ioannis
and Huang, Aja
and Guez, Arthur
and Hubert, Thomas
and Baker, Lucas
and Lai, Matthew
and Bolton, Adrian
and Chen, Yutian
and Lillicrap, Timothy
and Hui, Fan
and Sifre, Laurent
and van den Driessche, George
and Graepel, Thore
and Hassabis, Demis},
title={Mastering the game of Go without human knowledge},
journal={Nature},
year={2017},
month={Oct},
publisher={Macmillan Publishers Limited, part of Springer Nature. All rights reserved. SN  -},
volume={550},
pages={354 EP  -},
note={Article},
url={http://dx.doi.org/10.1038/nature24270}
}

@misc{OpenAI_dota,
 author = {OpenAI},
 title = {OpenAI Five},
 url = {https://blog.openai.com/openai-five},
 year = {2018}
}


@BOOK{Con97,
  AUTHOR =       "Stefan Conrad",
  TITLE =        "{FÃ¶derierte Datenbanksysteme: Konzepte der Datenintegration}",
  PUBLISHER =    "Springer Verlag",
  YEAR =         "1997",
  address =      "Berlin",
  isbn = {9783642590283},
  doi = {10.1007/978-3-642-59028-3}
}
@BOOK{PeHe97,
  AUTHOR =       "David A. Patterson and John L. Hennessy",
  TITLE =        "{Computer Organization and Design}",
  PUBLISHER =    "Morgan Kaufmann Publishers",
  YEAR =         "2004",
  address =      "San Francisco"
}
@InProceedings{IWNLP,
  author    = {Liebeck, Matthias  and  Conrad, Stefan},
  title     = {{IWNLP: Inverse Wiktionary for Natural Language Processing}},
  booktitle = {Proceedings of the 53rd Annual Meeting of the Association for Computational Linguistics and the 7th International Joint Conference on Natural Language Processing (Volume 2: Short Papers)},
  month     = {July},
  year      = {2015},
  address   = {Beijing, China},
  publisher = {Association for Computational Linguistics},
  pages     = {414--418},
  url       = {http://www.aclweb.org/anthology/P15-2068}
}
@InProceedings{liebeck-esau-conrad:2016:ArgMining2016,
  author    = {Liebeck, Matthias  and  Esau, Katharina  and  Conrad, Stefan},
  title     = {What to Do with an Airport? Mining Arguments in the German Online Participation Project Tempelhofer Feld},
  booktitle = {Proceedings of the Third Workshop on Argument Mining (ArgMining2016)},
  month     = {August},
  year      = {2016},
  address   = {Berlin, Germany},
  publisher = {Association for Computational Linguistics},
  pages     = {144--153},
  url       = {http://www.aclweb.org/anthology/W16-2817}
}
@online{ILSVRC2016,
  title     = {{ILSVRC 2016}},
  author    = {{ILSVRC2016}},
  year      = {2017},
  url       = {http://image-net.org},
  urldate   = {2017-07-17}
}
